@inproceedings{Vavilapalli2013Apache,
  title={Apache Hadoop YARN: yet another resource negotiator},
  author={Vavilapalli, Vinod Kumar and Murthy, Arun C. and Douglas, Chris and Agarwal, Sharad and Konar, Mahadev and Evans, Robert and Graves, Thomas and Lowe, Jason and Shah, Hitesh
  and Seth, Siddharth},
  booktitle={Symposium on Cloud Computing},
  pages={1-16},
  year={2013},
}

@article{Herodotou2011Profiling,
  title={Profiling, What-if Analysis, and Cost-based Optimization of MapReduce Programs},
  author={Herodotou, Herodotos and Babu, Shivnath},
  journal={Proc of the Vldb Endowment},
  volume={4},
  pages={1111-1122},
  year={2011},
}

@inproceedings{Huang2010The,
  title={The HiBench Benchmark Suite: Characterization of the MapReduce-Based Data Analysis},
  author={Huang, Shengsheng and Huang, Jie and Dai, Jinquan and Xie, Tao and Huang, Bo},
  booktitle={IEEE  International Conference on Data Engineering Workshops},
  pages={41 - 51},
  year={2010},
}

@inproceedings{Herodotos2011?°„,
  title={?°„Starfish: A Self-Tuning System for Big Data Analytics,?°¿},
  author={Herodotos Herodotou and Harold Lim and Gang Luo and Nedyalko Borisov and Liang Dong and Fatma Bilgen Cetin and Shivnath Babu},
  booktitle={CIDR 2011, Fifth Biennial Conference on Innovative Data Systems Research, Asilomar, CA, USA, January 9-12, 2011, Online Proceedings},
  pages={261-272},
  year={2011},
}

@article{Shi2014MRTuner,
  title={MRTuner: a toolkit to enable holistic optimization for mapreduce jobs},
  author={Shi, Juwei and Zou, Jia and Lu, Jiaheng and Cao, Zhao and Li, Shiqiang and Wang, Chen},
  journal={Proceedings of the Vldb Endowment},
  volume={7},
  number={13},
  pages={1319-1330},
  year={2014},
}

@article{Wang2009A,
  title={A simulation approach to evaluating design decisions in MapReduce setups},
  author={Wang, Guanying and Butt, A. R. and Pandey, P. and Gupta, K.},
  journal={Modeling Analysis Simulation of Computer Telecommunication Systems Mascots},
  pages={1-11},
  year={2009},
}

@inproceedings{Li2011A,
  title={A platform for scalable one-pass analytics using MapReduce},
  author={Li, Boduo and Mazur, Edward and Diao, Yanlei and Mcgregor, Andrew and Shenoy, Prashant},
  booktitle={ACM SIGMOD International Conference on Management of Data},
  pages={985-996},
  year={2011},
}

@article{Nykiel2010MRShare,
  title={MRShare: Sharing Across Multiple Queries in MapReduce.},
  author={Nykiel, Tomasz and Potamias, Michalis and Mishra, Chaitanya and Kollios, George and Koudas, Nick},
  journal={Proceedings of the Vldb Endowment},
  volume={3},
  number={1},
  pages={494-505},
  year={2010},
}

@inproceedings{Song2013A,
  title={A Hadoop MapReduce Performance Prediction Method},
  author={Song, Ge and Meng, Zide and Huet, F. and Magoules, F.},
  booktitle={HPCC},
  pages={820 - 825},
  year={2013},
}

@inproceedings{Lin2012A,
  title={A Practical Performance Model for Hadoop MapReduce},
  author={Lin, Xuelian and Meng, Zide and Xu, Chuan and Wang, Meng},
  booktitle={IEEE International Conference on CLUSTER Computing Workshops},
  pages={231-239},
  year={2012},
}

@inproceedings{Teng2011SimMapReduce,
  title={SimMapReduce: A Simulator for Modeling MapReduce Framework},
  author={Teng, Fei and Yu, Lei and Magoul and Frederic, S,},
  booktitle={Ftra International Conference on Multimedia and Ubiquitous Engineering, Mue 2011, Crete, Greece, 28-30 June},
  pages={277-282},
  year={2011},
}

@article{Dean2004MapReduce,
  title={MapReduce: Simplified Data Processing on Large Clusters.},
  author={Dean, Jeffrey and Ghemawat, Sanjay},
  journal={In Proceedings of Operating Systems Design and Implementation (OSDI},
  volume={51},
  number={1},
  pages={107-113},
  year={2004},
}

@article{White2010Hadoop,
  title={Hadoop : the definitive guide},
  author={White, Tom},
  journal={O?°•reilly Media Inc Gravenstein Highway North},
  volume={215},
  number={11},
  pages={1 - 4},
  year={2010},
}

@inproceedings{Li2014MRONLINE,
  title={MRONLINE: MapReduce online performance tuning},
  author={Li, Min and Zeng, Liangzhao and Meng, Shicong and Tan, Jian and Zhang, Li and Butt, Ali R. and Fuller, Nicholas},
  booktitle={International Symposium on High-Performance Parallel and Distributed Computing},
  pages={165-176},
  year={2014},
}

@inproceedings{Herodotou2011No,
  title={No One (Cluster) Size Fits All: Automatic Cluster Sizing for Data-intensive Analytics},
  author={Herodotou, Herodotos and Dong, Fei and Babu, Shivnath},
  booktitle={Proceedings of the 2nd ACM Symposium on Cloud Computing},
  pages={1-14},
  year={2011},
}

@article{Herodotou2011Hadoop,
  title={Hadoop Performance Models},
  author={Herodotou, Herodotos},
  journal={Computer Science},
  year={2011},
}

@inproceedings{Vavilapalli2013Apache,
  title={Apache Hadoop YARN: yet another resource negotiator},
  author={Vavilapalli, Vinod Kumar and Murthy, Arun C. and Douglas, Chris and Agarwal, Sharad and Konar, Mahadev and Evans, Robert and Graves, Thomas and Lowe, Jason and Shah, Hitesh
  and Seth, Siddharth},
  booktitle={Symposium on Cloud Computing},
  pages={1-16},
  year={2013},
}

@inproceedings{Shvachko2010The,
  title={The Hadoop Distributed File System},
  author={Shvachko, K. and Kuang, Hairong and Radia, S. and Chansler, R.},
  booktitle={2010 IEEE 26th Symposium on Mass Storage Systems and Technologies (MSST)},
  pages={1-10},
  year={2010},
}

@inproceedings{Ghazal2013BigBench,
  title={BigBench: towards an industry standard benchmark for big data analytics},
  author={Ghazal, Ahmad and Rabl, Tilmann and Hu, Minqing and Raab, Francois and Poess, Meikel and Crolotte, Alain and Jacobsen, Hans Arno},
  booktitle={ACM SIGMOD International Conference on Management of Data},
  pages={1197-1208},
  year={2013},
}

@inproceedings{Nambiar2006The,
  title={The making of TPC-DS},  author={Nambiar, Raghunath Othayoth and Poess, Meikel},
  booktitle={International Conference on Very Large Data Bases, Seoul, Korea, September},
  pages={1049-1058},
  year={2006},
}
@article{Jiang2010The,
  title={The performance of MapReduce: an in-depth study},
  author={Jiang, Dawei and Ooi, Beng Chin and Shi, Lei and Wu, Sai},
  journal={Proceedings of the Vldb Endowment},
  volume={3},
  number={1-2},
  pages={472-483},
  year={2010},
}
